@MISC{WMATA,
	title = {Metro - About Metro},
	author = {WMATA},
	howpublished = {\url{http://www.wmata.com/about_metro/}},
	note  = {Accessed: 10/16/2012}
}

@MISC{MTA
	title = {About the MTA | Maryland Transit Administration},
	author = {MTA Maryland},
	howpublished = {\url{http://mta.maryland.gov/about-mta}},
	note = {Accessed: 10/16/2012}
}